@misc{applied_frameworks_po,
  author       = {Carlton Nettleton},
  title        = {Is the Product Owner Part of Business or Part of IT?},
  howpublished = {\url{https://appliedframeworks.com/blog/is-the-product-owner-part-of-business-or-part-of-it}},
  note         = {Accessed: 2024-11-03}
}

@misc{scrum_guide,
  author       = {Ken Schwaber and Jeff Sutherland},
  title        = {The 2020 Scrum Guide},
  howpublished = {\url{https://scrumguides.org/scrum-guide.html}},
  note         = {Accessed: 2024-11-03}
}

@misc{helbling_scrum3,
  author       = {Frank Helbling},
  title        = {{BTI3031} - {I}ntro {S}crum (part 3)},
  howpublished = {\url{https://moodle.bfh.ch/pluginfile.php/3229204/mod_resource/content/11/BTI3031%20-%20Intro%20Scrum%20%28part%203%29.pdf}},
  note         = {Accessed: 2024-11-03, authentication required}
}

@misc{foen_noise_pollution,
  author       = {Federal Office for the Environment FOEN},
  title        = {Noise and vibrations: In brief},
  howpublished = {\url{https://www.bafu.admin.ch/bafu/en/home/topics/noise/in-brief.html}},
  note         = {Accessed: 2024-11-4}
}

@misc{adobe_community_how_to_know_the_real_world_db_level_of_a_file,
  title        = {how to know the real-world db level of a file?},
  howpublished = {\url{https://community.adobe.com/t5/audition-discussions/how-to-know-the-real-world-db-level-of-a-file/m-p/13939424}},
  note         = {Accessed: 2024-11-4}
}

@misc{stackoverflow_how_can_i_calculate_audio_db_level,
  title        = {How can I calculate audio dB level?},
  howpublished = {\url{https://stackoverflow.com/questions/2445756/how-can-i-calculate-audio-db-level}},
  note         = {Accessed: 2024-11-4}
}

@misc{stackexchange_exteracting_sound_pressure_from_wav_file,
  title        = {Extracting sound pressure from wav File},
  howpublished = {\url{https://dsp.stackexchange.com/questions/35250/extracting-sound-pressure-from-wav-file}},
  note         = {Accessed: 2024-11-4}
}