@misc{texlive_license,
  author       = {TeX Users Group},
  title        = {{TeX} {L}ive license},
  howpublished = {\url{https://tug.org/texlive/LICENSE.TL}},
  note         = {Accessed: 2024-10-22}
}

@misc{pgfplots,
  author       = {Christian Feuers√§nger},
  title        = {pgfplots},
  howpublished = {\url{https://ctan.org/pkg/pgfplots}},
  note         = {Accessed: 2024-10-22}
}

@misc{fsf_free_software,
  author       = {Free Software Foundation (FSF)},
  title        = {{FSF} {F}ree {S}oftware definition},
  howpublished = {\url{https://www.gnu.org/philosophy/free-sw.html}},
  note         = {Accessed: 2024-10-22}
}